@article{takashita,
  title={{Design and Implementation of a System for Finding Appropriate Tags to Photos in Flickr fromWeb Browsing Behaviour}},
  author={Takashita, T. and  Abe, Y. and Itokawa, T. and Kitasuka, T. and Aritsugi, M.},
  journal={International Journal of Web and Grid Services (IJWGS)},
  year={2011},
  note={(in press)},
}
@article{romano2012creating,
  title={Creating realistic virtual textures from contact acceleration data},
  author={Romano, Joseph M and Kuchenbecker, Katherine J},
  journal={IEEE Transactions on Haptics},
  volume={5},
  number={2},
  pages={109--119},
  year={2012},
  publisher={IEEE}
}
@inproceedings{fujita2001new,
  title={A new softness display interface by dynamic fingertip contact area control},
  author={Fujita, Kinya and Ohmori, Hisayuki},
  booktitle={5th World Multiconference on Systemics, Cybernetics and Informatics},
  pages={78--82},
  year={2001}
}

@inproceedings{minamizawa2012techtile,
title={TECHTILE toolkit: a prototyping tool for design and education of haptic media},
author={Minamizawa, Kouta and Kakehi, Yasuaki and Nakatani, Masashi and Mihara, Soichiro and Tachi, Susumu},
booktitle={Proceedings of the 2012 Virtual Reality International Conference},
pages={26},
year={2012},
organization={ACM}
}
@inproceedings{visell2009toward,
title={Toward iconic vibrotactile information display using floor surfaces},
author={Visell, Yon and Law, Alvin and Cooperstock, Jeremy R},
booktitle={EuroHaptics conference, 2009 and Symposium on Haptic Interfaces for Virtual Environment and Teleoperator Systems. World Haptics 2009. Third Joint},
pages={267--272},
year={2009},
organization={IEEE}
}

@inproceedings{saga2012lateral,
  title={Lateral-force-based 2.5-dimensional tactile display for touch screen},
  author={Saga, Satoshi and Deguchi, Koichiro},
  booktitle={Haptics Symposium (HAPTICS), 2012 IEEE},
  pages={15--22},
  year={2012},
  organization={IEEE}
}
@inproceedings{saga2013simultaneous,
  title={Simultaneous geometry and texture display based on lateral force for touchscreen},
  author={Saga, Satoshi and Raskar, Ramesh},
  booktitle={World Haptics Conference (WHC), 2013},
  pages={437--442},
  year={2013},
  organization={IEEE}
}


@article{岩村吉晃1984ヒト触覚受容器の構造と特性,
  title={ヒト触覚受容器の構造と特性},
  author={岩村吉晃},
  journal={日本ロボット学会誌},
  volume={2},
  number={5},
  pages={438--444},
  year={1984},
  publisher={一般社団法人 日本ロボット学会}
}

@inproceedings{minsky1990feeling,
  title={Feeling and seeing: issues in force display},
  author={Minsky, Margaret and Ming, Ouh-young and Steele, Oliver and Brooks Jr, Frederick P and Behensky, Max},
  booktitle={ACM SIGGRAPH Computer Graphics},
  volume={24},
  number={2},
  pages={235--241},
  year={1990},
  organization={ACM}
}

@article{chubb2010shiverpad,
  title={Shiverpad: A glass haptic surface that produces shear force on a bare finger},
  author={Chubb, Erik C and Colgate, J Edward and Peshkin, Michael A},
  journal={IEEE Transactions on Haptics},
  volume={3},
  number={3},
  pages={189--198},
  year={2010},
  publisher={IEEE}
}
@inproceedings{konyo2008alternative,
  title={Alternative display of friction represented by tactile stimulation without tangential force},
  author={Konyo, Masashi and Yamada, Hiroshi and Okamoto, Shogo and Tadokoro, Satoshi},
  booktitle={International Conference on Human Haptic Sensing and Touch Enabled Computer Applications},
  pages={619--629},
  year={2008},
  organization={Springer}
}
@inproceedings{wang2004haptic,
  title={Haptic overlay device for flat panel touch displays},
  author={Wang, David and Tuer, Kevin and Rossi, Mauro and Shu, Joseph},
  booktitle={Haptic Interfaces for Virtual Environment and Teleoperator Systems, 2004. HAPTICS'04. Proceedings. 12th International Symposium on},
  pages={290},
  year={2004},
  organization={IEEE}
}
@InProceedings{五十嵐達郎:2010:SPIDAR-mouseの提案,
Title = {SPIDAR-mouseの提案},
Author = {五十嵐 達郎 and 一色 正晴 and 林 理平 and 劉 宇 and 赤羽 克仁 and 佐藤 誠},
Booktitle = {日本バーチャルリアリティ学会第15回大会論文集},
Year = {2010},

Owner = {saga},
Timestamp = {2010.10.12}
}
@Article{Freeman:1982:Response,
Title = {A model accounting for effects of vibratory amplitude on responses of cutaneous mechanoreceptors in macaque monkey},
Author = {Alan W. Freeman and Kenneth O. Johnson},
Journal = {Journal of Physiology},
Year = {1982},
Pages = {43-64},
Volume = {323},
File = {1982-Freeman1982Response.pdf:1982-Freeman1982Response.pdf:PDF},
Owner = {saga},
Timestamp = {2008.06.18}
}
@Book{Touch:Iwamura,
Title = {タッチ},
Author = {岩村 吉晃},
Publisher = {医学書院},
Year = {2001},
Review = {Tactile 2005
錯覚},
Yomi = {Iwamura}
}
@article{brisben1999detection,
  title={Detection of vibration transmitted through an object grasped in the hand},
  author={Brisben, AJ and Hsiao, SS and Johnson, KO},
  journal={Journal of Neurophysiology},
  volume={81},
  number={4},
  pages={1548--1558},
  year={1999},
  publisher={Am Physiological Soc}
}
@misc{soumu,
title ={数字で見たスマホの爆発的普及-総務省},
howpublished = {http://www.soumu.go.jp/johotsusintokei/white-\\paper/ja/h29/html/nc111110.html}
}
@misc{VerroTouch,
title ={VerroTouch Medical-HAPTIC FEEDBACK FOR ROBOTIC SURGERY},
howpublished = {http://www.verrotouch.com/}
}


@article{brisben1999detection,

 title={Detection of vibration transmitted through an object grasped in the hand},

 author={Brisben, AJ and Hsiao, SS and Johnson, KO},

 journal={Journal of Neurophysiology},

 volume={81},

 number={4},

 pages={1548--1558},

 year={1999},

 publisher={American Physiological Society Bethesda, MD}

}